# @id KlUsCat c048305
000    00812nam-a2200229-a-4500
003    CZ-KlSVK
005    20080606084719.4
007    ta
008    970816s1980----xr-----e------000-0-czeo-
040    aKLG001bcze
100 1  7kl_us_auth*p0010789aBelan, František4aut
245 10 aAgrometeorologie :bnávody do cvičení /cFrantišek Belan, Ignác Uhrecký
250    a1. vyd.
260    aPraha :bSPN,c1980
300    a206 s.
700 1  7kl_us_auth*p0010790aUhrecký, Ignác,d1928-19874aut
910    aKLG001
928 9  7kl_us_auth*b004570aSPN - pedagogické nakladatelství a.s.qSPN
962    a551.5:63(075.8)
964    aagrometeorologie - učebnice vysokoškolské
970    bOL
999    a5bKLG001cKLG001dku_sokolova-19971105#ku_kolisek-19981030#arl-20031202-0840745#sys-20050426-3361334#novakova-20080606-11717082
###
# @id KlUsCat c048295
000    00690nam-a2200229-a-4500
003    CZ-KlSVK
005    20050426160211.4
007    ta
008    970816s1979----xr-||||--||||-0-0-|-cze--
040    aKLG001bcze
100 1  7kl_us_auth*p0061236aGlaser, Roland4aut
245 10 aBiologie trochu jinak /cRoland Glaser
250    a1. vyd.
260    aPraha :bPanorama,c1979
300    a181 s.
490 0  aPyramida
910    aKLG001
928 9  7kl_us_auth*b000339qPanoramaaPanorama nakladatelství a vydavatelství
962    a57
964    abiologie - výklady populárně vědecké
970    bOL
999    a5bKLG001cKLG001dku_zelenka-19981222#ku_zelenka-19981222#sys-20050426-3471480
###
# @id KlUsCat c114621
000    00865nam-a2200229-a-4500
003    CZ-KlSVK
005    20070124140358.6
007    ta
008    970315s1981----xr-------||||-0-0---cze--
040    aKLG001bcze
100 1  7kl_us_auth*p0031239aSvoboda, Ludvík,d1895-19794aut
245 10 aZ Buzuluku do Prahy /cLudvík Svoboda
250    a8. vyd., v NV 5. vyd.
260    aPraha :bNaše vojsko,c1981
300    a493 s.
910    aKLG001
928 9  7kl_us_auth*b000287qNaše vojskoaNaše vojsko, nakladatelství a knižní obchod
962    a885-94:[92 Svoboda, L.:940.53
964    aČeskoslovenská armáda - jednotky vojenské v SSSR - vzpomínky
964    aVelká vlastenecká válka 1941-1945 - jednotky vojenské čs. - vzpomínky
970    bOL
999    a4bKLG001cKLG001dku_sokolova-19990419#ku_sokolova-19990419#sys-20050426-3466301#chamova-20070124-7457429
###
# @id KlUsCat c102132
000    01233nam-a2200289-a-4500
003    CZ-KlSVK
005    20150209094227.3
007    ta
008    970819s1989----xr-------||||-0-0-|-cze--
020    a80-202-0067-3q(Váz.) :c19 Kčs
040    aKLG001bcze
100 1  7kl_us_auth*p0201226aDrda, Jan,d1915-19704aut
245 10 aNedaleko Rukapáně :bpovídky a fragmenty /cJan Drda ; vybraly a uspoř. Jaroslava Janáčková, Miluše Masáková ; doslov J. Janáčková
250    a1. vyd. v tomto souboru.
260    aPraha :bČeskoslovenský spisovatel,c1989
300    a311 s. ;c20 cm
490 1  aSlunovrat, Velká řada ;vsv. 98
700 1  7kl_us_auth*p0001809aJanáčková, Jaroslava,d1930-4com
700 1  7kl_us_auth*p0016318aMasáková, Miluše4com
830  0 7kl_us_auth*0281394aSlunovrat (Československý spisovatel).pVelká řada
910    aKLG001
970    bBL
999    a13bKLG001cKLG001dku_pospisil-20030527#ku_pospisil-20030527#sys-20050426-3376199#recmanova-20080305-10836862#sys-20080305#mika-20080911-12357368#pospisilova-20100622-17643594#sys-20110804#sys-20110805-20823698#koliskova-20140326-29266434#sys-20150209-32434096
###
# @id KlUsCat c209671
000    01289nam a2200397 a 4500
003    CZ-KlSVK
005    20150209094227.5
007    tu
008    980318s1998    xr     e      000 mbcze d
015    acnb000304411
020    a80-7023-265-Xq(váz.) :c249.00 Kč
040    aABA001bczedKLG001
041 1  aczehfre
043    ae-fr---
045    av6w2
072  7 a929xBiografie2Konspekt98
072  7 a94(44/449.49)xDějiny Francie a Monaka2Konspekt98
080    a9292undef
080    a9442undef
100 1  7kl_us_auth*p0005017aCastelot, André,d1911-20044aut
245 10 aNapoleon Bonaparte /cAndré Castelot ; [z francouzského originálu přeložil Jiří Žák]
250    a1. vyd.
260    aPraha :bMelantrich,cc1998
300    a557 s. ;c21 cm
490 1  aHistorie a fakta
500    aPoznámky
600 07 7kl_us_auth*p0040772aNapoleonbI.,cfrancouzský císař,d1769-18212czenas
655  7 7kl_us_auth*u0002922abiografie2czenas
700 1  7kl_us_auth*p0081992aŽák, Jiří,d1946-4trl
765 0  tNapoléon Bonaparte9Česky
830  0 aHistorie a fakta7kl_us_auth*u0001445
910    aKLG001
928 9  7kl_us_auth*b000212qMelantrichaMelantrich, akciová společnost
969    fN
970    bOL
999    a8bKLG001cKLG001da_spanova-19980313#a_spanova-19990319#sys-20140203#sys-20140207#novakova-20140217-28909398#novakova-20140226-28995153#sys-20140722#sys-20150209-32434098
C99    acpk19980304411dDFLT_US_CAT_BK_A
###
# @id KlUsCat c210671
000    00671nam-a2200205-a-4500
003    CZ-KlSVK
005    20110805083114.8
007    ta
008    980429suuuu----xr-af--e-||||-|||-||cze--
040    aKLG001bcze
100 1  7kl_us_auth*p0060564aCartier-Bresson, Henri,d1908-20044aut
245 10 aFotografie /cHenri Cartier-Bresson ; úvod Anna Fárová
250    a1. vyd.
260    aPraha :bSNKLHU,c1958
300    a22 s., 54 s. obr. příl.
910    aKLG001
928 9  7kl_us_auth*b003649qSNKLHUaStátní nakladatelství krásné literatury, hudby a umění
964    afotografie umělecké
970    bOL
999    a2bKLG001cKLG001dku_sokolova-19980429#ku_wrobl-19990427#sys-20110805-20823699
###
# @id KlUsCat c096162
000    00907nas-a2200241-a-4500
003    CZ-KlSVK
005    20110805083115.1
007    ta
008    970819s1986----xr-a-----||||-0-0-|-cze--
022    a0583-5569
040    aKLG001bcze
080    a069.0132undef
245 00 aSlovácko :bspolečenskovědní sborník pro moravsko-slov. pomezí.
260    aUherské Hradiště :bSlovácké muzeum,c1986
300    a116 s. :b[22] s. il.
500    aEdiční činnost Slováckého muzea za r. 1914-1983 - Vyd. k 70. výročí trvání Slováckého muzea v Uherském Hradišti
773 08 wkl_us_cat*s001965tSlováckoh36 sv.x0583-55697nnasdUherské Hradiště : Slovácké muzeum. [1959]-1995gs.
910    aKLG001
915    bSv. 27c1985
928 9  7kl_us_auth*b002126aSlovácké muzeum
962    a069.013(437.235-21)"1914/1984"(082)
964    aSlovácké muzeum, Uherské Hradiště - r. 1914-1984 - sborníky - Uherské Hradiště
969    fZRP
970    bB
999    a5bKLG001cKLG001dku_kolisek-19990111#ku_kolisek-19990111#sys-20050426-3470738#vavrova-20100323-16876615#sys-20110805-20823700
C99    dDFLT_US_CAT_CR_S_ZRP
###
# @id KlUsCat c065775
000    00809nam-a2200229-a-4500
003    CZ-KlSVK
005    20050426160212.3
007    ta
008    960522s1995----xr-b-----||||-0-0-|-cze--
020    a80-85765-55-1
040    aKLG001bcze
100 1  7kl_us_auth*p0061237aLöw, Jiří,d1948-4aut
245 10 aRukověť projektanta místního územního systému ekologické stability :bmetodika pro zpracování dokumentace /cJiří Löw
250    aVyd. 1.
260    aBrno :bDoplněk,c1995
300    a122 s., [10] mapových příl.
910    aKLG001
928 9  7kl_us_auth*b001958aDoplněk
962    a71:[502.3+574
964    akrajina - stabilita ekologická - systémy územní místní - dokumentace - metodika
970    bOL
999    a3bKLG001cKLG001dku_jvolfova-20010627#ku_jvolfova-20010627#sys-20050426-3420690
###
# @id KlUsCat c211518
000    01074nam-a2200277-a-4500
003    CZ-KlSVK
005    20140722130811.7
007    ta
008    980520s1989----xr-----e-||||-|||-||cze--
020    a80-7080-005-4 :c8.00
040    aKLG001bcze
080    a5462undef
100 1  7kl_us_auth*p0051602aJursík, František,d1934-4aut
245 10 aMetodické pokyny a problémové úlohy z obecné a anorganické chemie /cFrantišek Jursík, František Benda, Bohumil Hájek
250    aVyd. 3. dopl.
260    aPraha :bVysoká škola chemicko-technologická,c1989
300    a79 s.
700 1  7kl_us_auth*p0060890aBenda, František,cing.4aut
700 1  7kl_us_auth*p0021962aHájek, Bohumil,d1927-4aut
910    aKLG001
928 9  7kl_us_auth*b000496aVysoká škola chemicko-technologická v PrazeqVysoká škola chemicko-technologická
962    a546(076.5)(075.8)
964    achemie - úlohy problémové - pokyny metodické - učebnice vysokoškolské
969    a000496b012439fN
970    bOLScX
999    a4bKLG001cKLG001da_spanova-19980520#ku_recman-20031008#sys-20131202#novakova-20131203-28183274#sys-20140722
###
# @id KlUsCat c016467
000    00618nam-a2200205-a-4500
003    CZ-KlSVK
005    20110805083115.3
007    ta
008    930817s1993----xr-||||--||||-|||-||cze--
020    a80-85302-30-6
040    aKLG001bcze
245 00 aBrnoh[kartografický dokument] :bkulturní památky
260    aBrno :bGeodézie. Brno,c1993
300    a1 mapa :bbarev. mp ;c48x72 cm
910    aKLG001
928 9  7kl_us_auth*b000113aGeodézie. Brno
962    a912(437.262):72
964    aBrno - památky kulturní - mapy
970    bOL
999    a3bKLG001cKLG001dku_vlkova-20020626#ku_vlkova-20020626#sys-20050426#sys-20110805-20823701
###
# @id KlUsCat c065242
000    00880nam-a2200253-a-4500
003    CZ-KlSVK
005    20110805083115.5
007    ta
008    950912s1995----xr------------000-0-slo--
020    a80-85606-62-3
040    aKLG001bcze
100 1  7kl_us_auth*p0000805aHensel, Wolfgang4aut
245 10 aSeverské zvieratá /cWolfgang Hensel ; Hildburg Thiemeyer ; Ján Lenčo ; Žofia Lenčová
250    aSlov. vyd.
260    aOstrava :bBlesk,c1995
300    a64 s.
700 1  7kl_us_auth*p0061238aThiemeyer, Hildburg4aut
700 1  7kl_us_auth*p0002953aLenčo, Ján,d1933-20124ill
700 1  7kl_us_auth*p0004421aLenčová, Žofia4trl
910    aKLG001
928 9  7kl_us_auth*b001672aBlesk
962    a59(02.053.2)
970    bOLM
999    a11bKLG001cKLG001dsys-20050426-3523331#sys-20080421#sys-20080519#recmanova-20080519-11559498#novakova-20080605-11711356#sys-20110805-20823702
###
# @id KlUsCat c266073
000    00567nam-a2200193-a-4500
003    CZ-KlSVK
005    20131107125047.6
007    ta
008    011101s1990----xr-a---e-||||-|||-||cze--
020    a80-7046-030-X
040    aKLG001bcze
245 00 aAréna kreslených příběhů.nSešit 2
250    a1. vyd.
260    aPraha :bPressfoto,c1990
300    a50 s. :bbarev. il.
910    aKLG001
928 9  7kl_us_auth*b000366qPressfotoaPressfoto vydavatelství České tiskové kanceláře
970    bBLM
999    a2bKLG001cKLG001dku_jvolfova-20011101#ku_jvolfova-20011101#sys-20131107
###
# @id KlUsCat c265973
000    00868nam-a2200265-a-4500
003    CZ-KlSVK
005    20131029154113.2
007    ta
008    011030s2001----xr-----e------000-1-cze--
020    a80-7218-628-0 :c179.00 Kč
040    aKLG001bcze
080    a821.133.1-312undef
100 1  7kl_us_auth*p0060622aArnaud, Thierry4aut
245 10 aZávrať /cThierry Arnaud ; [z francouzského originálu ... přeložila Dagmar Slavíkovská]
250    aVyd. 1.
260    aFrýdek-Místek :bAlpress,c2001
300    a343 s.
490 1  aKlokan
500    aNázev originálu: Le secret du docteur Guillard
655  4 7kl_us_auth*u0003098afrancouzské romány
830  0 7kl_us_auth*u0000200aKlokan (Alpress)
910    aKLG001
928 9  7kl_us_auth*b005079qAlpressaAlpress, spol. s r.o.
969    a005079b043578
970    bBL
999    a5bKLG001cKLG001da_spanova-20011030#ku_folprech-20030215#sys-20131021-27780712#sys-20131024#sys-20131029
###
# @id KlUsCat c228212
000    00636nam-a2200205-a-4500
003    CZ-KlSVK
005    19990616082753.0
007    ta
008    990616suuuu----xr-||||e-||||-|||-||cze--
040    aKLG001bcze
100 1  7kl_us_auth*p0032206aPulec, Vladivoj4aut
245 10 aOdborové hnutí ve Spojených státech amerických /cVladivoj Pulec
250    a1. vyd.
260    aPraha :bPráce,c1954
300    a234 s.
910    aKLG001
928 9  7kl_us_auth*b000358qPráceaPráce vydavatelství a nakladatelství
964    aodborové hnutí USA - dějiny
970    bOL
999    a1bKLG001cKLG001dku_sokolova-19990616#ku_sokolova-19990616
###
# @id KlUsCat c035137
000    00527nam-a2200193-a-4500
003    CZ-KlSVK
005    20050426160212.8
007    ta
008    970821s1967----xo-------||||-0-0-|-slo--
040    aKLG001bcze
245 00 aKultúra spisovnej slovenčiny
250    a1. vyd.
260    aBratislava :bVSAV,c1967
300    a291 s.
910    aKLG001
962    a485.4:41(08)
964    aslovenština - kultura jazyka - sborník
970    bOL
999    a3bKLG001cKLG001dku_jvolfova-20010420#ku_jvolfova-20010420#sys-20050426-3424158
###
# @id KlUsCat c272811
000    01142nam-a2200313-a-4500
003    CZ-KlSVK
005    20140722130812.1
007    ta
008    020329s2001----xr-----e-p----000-0-cze--
020    a80-7235-176-1 :c79.00 Kč
040    aKLG001bcze
080    a811.1112undef
080    a(075.2)2undef
080    a(072)2undef
100 1  7kl_us_auth*p0000498aLacinová, Eva4aut
245 10 aAngličtina pro 9. ročník základní školy :bmetodická příručka /cEva Lacinová, Šárka Kadlecová
250    a1. vyd.
260    aPraha :bSPN - pedagogické nakladatelství,c2001
300    a52 s.
500    aZpracováno podle osnov vzdělávacího programu Základní škola
650 04 7kl_us_auth*h0001551aangličtina
655  4 7kl_us_auth*u0002831aučebnice základních škol
655  4 7kl_us_auth*0261761ametodické příručky
700 1  7kl_us_auth*p0004878aKadlecová, Šárka4aut
910    aKLG001
928 9  7kl_us_auth*b004570qSPN - pedagogické nakladatelstvíaSPN - pedagogické nakladatelství a.s.
969    a004570b047542fN
970    bOLcNK
999    a7bKLG001cKLG001da_spanova-20020329#ku_kolisek-20020408#novakova-20080903-12259673#sys-20140207#sys-20140529#novakova-20140603-29899421#sys-20140722
###
# @id KlUsCat c013641
000    00915nam-a2200253-a-4500
003    CZ-KlSVK
005    20140410115157.2
007    ta
008    930222s1992----xr-----e-p----0-0-0-cze--
020    a80-210-0508-4
040    aKLG001bcze
100 1  7kl_us_auth*p0001757aJílek, Dalibor,d1953-4aut
245 10 aÚvod do práva evropských společenství /cDalibor Jílek, Vladimír Týč
250    a1. vyd.
260    aBrno :bMasarykova univerzita,c1992
300    a173 s.
490 1  aEdice učebnic Právnické fakulty Masarykovy univerzity v Brně ;vč. 27
700 1  7kl_us_auth*p0001768aTýč, Vladimír,d1949-4aut
810 2  7kl_us_auth*u0001314aMasarykova univerzita.bPrávnická fakulta.tEdice učebnic
910    aKLG001
928 9  7kl_us_auth*b000210qMasarykova univerzitaaMasarykova univerzita v Brně
962    a341(075.8)
964    aEvropská společenství - právo - učebnice vysokoškolská
970    bOL
999    a6bKLG001cKLG001dku_novakova-19981016#ku_recman-20031008#sys-20050426#sys-20110805-20823703#volfova-20140410-29421917
###
# @id KlUsCat c078244
000    00641nam-a2200205-a-4500
003    CZ-KlSVK
005    20140326102255.6
007    ta
008    970817s1977----xr-a-----||||-0-0-|-cze--
040    aKLG001bcze
100 1  7kl_us_auth*p0035321aBenešová, Božena,d1873-19364aut
245 10 aTragická duha /cBožena Benešová ; kresby Cyril Bouda
250    a6. vyd.
260    aPraha :bČs. spisovatel,c1977
300    a253 s. :bil.
490 1  aSlunovrat. Velká řada ;vsv. 46
520    aTřetí díl válečné trilogie
830  0 7kl_us_auth*0281394aSlunovrat (Československý spisovatel).pVelká řada
910    aKLG001
970    bBL
999    a6bKLG001cKLG001dku_kolisek-19981203#ku_jvolfova-20020307#sys-20050426-3405761#koliskova-20140326-29268171
###
# @id KlUsCat c068956
000    00644nam-a2200205-a-4500
003    CZ-KlSVK
005    20050426160213.6
007    ta
008    960923s1996----xr-------||||-0-0-|-cze--
020    a80-7170-541-1 :c49.90
040    aKLG001bcze
100 1  7kl_us_auth*p0000711aMacDonald, Laura,d1944-4aut
245 10 aLetní čarování /cLaura MacDonald ; [překl. Lenka Adamová]
260    aPraha :bHarlequin,c1996
300    a151 s.
490 0  aRomance ;v188
910    aKLG001
928 9  7kl_us_auth*b002596qHarlequinaHarlequin Publishers
970    bBL
999    a5bKLG001cKLG001dku_kolisek-19980107#ku_kolisek-19980107#sys-20050426-3361328
###
# @id KlUsCat c069056
000    00668nam-a2200217-a-4500
003    CZ-KlSVK
005    20050426160213.7
007    ta
008    960923s1996----xr-------||||-0-0-|-cze--
020    a80-85936-10-0 :c49.00
040    aKLG001bcze
100 1  7kl_us_auth*p0061239aBezděková, Vlasta4aut
245 10 aČeské ovoce v kuchyni /cVlasta Bezděková
260    aČestlice :bPavla Momčilová,c1996
300    a62 s.
490 0  aSešity zdravé výživy ;vsv. 17
910    aKLG001
962    a641.5(083.12):634
964    ajídla ovocná - předpisy kuchařské
970    bOL
999    a5bKLG001cKLG001dku_kolisek-19990125#ku_kolisek-19990125#sys-20050426-3469719
###
# @id KlUsCat c070056
000    00758nam-a2200229-a-4500
003    CZ-KlSVK
005    20050426160213.8
007    ta
008    970817s1956----xr-------||||-0-0-|-cze--
040    aKLG001bcze
100 1  7kl_us_auth*p0001214aPolišenský, Josef,d1915-20014aut
245 10 aBoj dělníků na stavbách našich prvních železnic /cJosef Polišenský
250    a1. vyd.
260    aPraha :bSNPL,c1956
300    a133 s.
910    aKLG001
962    aV(2)462.52
962    a625.1/.6:331.88(437)(091)
964    adělnické hnutí (Čechy) - stavby železnic r. 1844 - studie
964    aželeznice (Čechy) - bouře dělnické r. 1844 - studie
970    bOL
999    a3bKLG001cKLG001dku_kolisek-19980928#ku_kolisek-19980928#sys-20050426-3480523
###
# @id KlUsCat c226454
000    00672nam-a2200205-a-4500
003    CZ-KlSVK
005    20151119142844.0
007    ta
008    990512s1988----xr-ad--e--s---010-0-cze-d
015    acnb002572136
040    aKLG001bcze
072  7 a338.3/.4xHospodářská a výrobní odvětví942Konspekt
080    a334.7162MRF
080    a338.452MRF
080    a(437.312)2MRF
080    a(082.2)2MRF
110 2  7kl_us_auth*k0003147aKablo Kladno (firma)4aut
245 10 a30 let koncernového podniku Kablo Kladno :b1958-1988
246 30 aTřicet let koncernového podniku Kablo Kladno
260    aKladno :bZSE Kablo Kladno,c1988
300    a90 s. :bil., tab., grafy
610 27 7kl_us_auth*k0003147aKablo Kladno (firma)2czenas
650 07 7kl_us_auth*h0000718aprůmyslové podnikyxvýročíxstatistiky2czenas
650 07 7kl_us_auth*0209182aprůmyslová výrobaxkabelovny2czenas
651  7 7kl_us_auth*g0100247aKladno (Česko)2czenas
655  7 7kl_us_auth*u0003359ajubilejní publikace2czenas
856 41 uhttp://kramerius.svkkl.cz/search/handle/uuid:0dbc0377-df5f-11e4-bc64-005056b5ed69yDigitalizovaný dokument
910    aKLG001
969    fN
970    bOLjRR
999    a12bKLG001cKLG001dku_novakova-19990512#ku_novakova-19990512#sys-20041221#arl-20080724-11249120#novakova-20140115-28586509#sys-20140117#novakova-20140225-28981602#suchankova-20140307-29089450#sys-20140722#jezkova-20151119-35478408
###
# @id KlUsCat c247219
000    00700ngm-a2200205-a-4500
003    CZ-KlSVK
005    20030215125106.0
008    000803|uuuuuuuuxr-----e------------cze--
040    aKLG001bcze
245 00 aNejkrásnější místa světah[videozáznam] :bvideoprůvodce.pBarcelona
246 30 aBarcelona
260    aMělník :bABCD Video,c[1998]
300    a1 videokazeta (45 min) :bzvuk., barev. ;c13 mm
500    ap1998 Alvim
651  4 7kl_us_auth*g0001617aBarcelona (Španělsko)2UN_AUTH_215
653 0  avideo
655  4 7kl_us_auth*u0001811adokumentární a faktografické pořadyzBarcelona
910    aKLG001
970    bAV
999    a1bKLG001cKLG001dku_neumann-20000803#ku_folprech-20030215
###
# @id KlUsCat c247220
000    00909ngm-a2200229-a-4500
003    CZ-KlSVK
005    20030215125107.0
008    000803|uuuuuuuuxr-----e------------cze--
040    aKLG001bcze
245 00 aNejkrásnější místa světah[videozáznam] :bvideoprůvodce.pChorvatsko - Istrie
246 30 aChorvatsko - Istrie
260    aMělník :bABCD Video,c[1998]
300    a1 videokazeta (50 min) :bzvuk., stereo, barev. ;c13 mm
500    ap1998 Alvim
651  4 7kl_us_auth*g0001618aIstrijský poloostrov (Slovinsko a Chorvatsko)2UN_AUTH_215
651  4 7kl_us_auth*g0001619aChorvatsko2UN_AUTH_215
653 0  avideo
655  4 7kl_us_auth*u0001811adokumentární a faktografické pořadyzChorvatsko
655  4 7kl_us_auth*u0001811adokumentární a faktografické pořadyzIstrijský poloostrov
910    aKLG001
970    bAV
999    a1bKLG001cKLG001dku_neumann-20000803#ku_folprech-20030215
###
# @id KlUsCat c234664
000    00901nam-a2200265-a-4500
003    CZ-KlSVK
005    20030210070856.0
007    ta
008    991203suuuu----xr-----e-||||-|||-||cze--
020    a80-7174-151-5 :c199.00 Kč
040    aKLG001bcze
041 1  aczeheng
080    a821.111(73)-312undef
100 1  7kl_us_auth*p0079316aJordan, Robert,d1948-20074aut
245 10 aKolo času.nKniha třetí,pDrak Znovuzrozený.nSvazek 2 /cRobert Jordan ; [z anglického originálu ... přeložila Dana Krejčová]
246 30 aDrak Znovuzrozený
260    aBrno :bNávrat,c1998
300    a349 s.
655  4 7kl_us_auth*u0003034aamerické romány
655  4 7kl_us_auth*u0003120afantasy
910    aKLG001
928 9  7kl_us_auth*b001103aNávrat - Radomír SuchánekqNávrat
969    a001103b025523
970    bBLcX
999    a1bKLG001cKLG001da_spanova-19991203#ku_novakova-20030210
###
# @id KlUsCat c262759
000    00926nam-a2200277-a-4500
003    CZ-KlSVK
005    20140722130812.6
007    ta
008    010806s2001----xr-a---e------000-1-cze--
020    a80-7186-567-2 :c79.00 Kč
040    aKLG001bcze
080    a82-322undef
080    a82-932undef
100 1  7kl_us_auth*p0096954aWest, Tracey4aut
245 10 aPokémon :bnoc ve strašidelné věži /cTracey Westová ; [z anglického originálu ... přeložila Klára Cabalková]
250    a1. vyd.
260    aPraha :bEgmont ČR,c2001
300    a70 s. :bil.
500    aNázev originálu: Night in the Haunted Tower
655  4 7kl_us_auth*u0002521apříběhy
655  4 7kl_us_auth*u0003021apublikace pro děti
910    aKLG001
928 9  7kl_us_auth*b003417qEgmont ČRaEgmont ČR, s.r.o.
969    a003417b041040fN
970    bBLMcNK34
999    a4bKLG001cKLG001da_spanova-20010806#ku_jvolfova-20010808#sys-20131021-27780714#novakova-20131024-27815226#sys-20140722
###
# @id KlUsCat c262760
000    00925nam-a2200277-a-4500
003    CZ-KlSVK
005    20140722130812.8
007    ta
008    010806s2001----xr-a---e------000-1-cze--
020    a80-7186-568-0 :c79.00 Kč
040    aKLG001bcze
080    a82-322undef
080    a82-932undef
100 1  7kl_us_auth*p0096954aWest, Tracey4aut
245 10 aPokémon :brakeťáci prchají ze scény /cTracey Westová ; [z anglického originálu ... přeložila Klára Cabalková]
250    a1. vyd.
260    aPraha :bEgmont ČR,c2001
300    a89 s. :bil.
500    aNázev originálu: Team Rocket Blasts Off!
655  4 7kl_us_auth*u0002521apříběhy
655  4 7kl_us_auth*u0003021apublikace pro děti
910    aKLG001
928 9  7kl_us_auth*b003417qEgmont ČRaEgmont ČR, s.r.o.
969    a003417b041041fN
970    bBLMcNK34
999    a4bKLG001cKLG001da_spanova-20010806#ku_jvolfova-20010808#sys-20131021-27780716#novakova-20131024-27815227#sys-20140722
###
# @id KlUsCat c202412
000    00817nam-a2200253-a-4500
003    CZ-KlSVK
005    20050426160213.9
007    ta
008    970626duuuuuuuuxr-a---e-||||-|||-||cze--
020    a80-7181-145-9 :c499.00
040    aKLG001bcze
080    a6352undef
100 1  7kl_us_auth*p0002887aClark, Michele4aut
245 10 aEncyklopedie zahrádkáře /cMichele Clarková ; [z anglického originálu ... přeložila Jana Jindrová]
250    aČes. vyd. 1.
260    aPraha :bCesty,c1997
300    a320 s. :bbarev. il.
910    aKLG001
928 9  7kl_us_auth*b000015aCesty, nakladatelství a vydavatelstvíqCesty
962    a635
964    azahrádkářství - encyklopedie
969    a000015b003988
970    bOL
999    a2bKLG001cKLG001da_herman-19970626#ku_kolisek-19990920#sys-20050426
###
# @id KlUsCat c200924
000    00907nam-a2200265-a-4500
003    CZ-KlSVK
005    20050426160214.1
008    970502duuuuuuuuxr-----e------------cze--
020    a80-85639-96-3 :c184.00
040    aKLG001bcze
080    a9292undef
080    a8822undef
100 1  7kl_us_auth*p0002095aRozanov, Vasilij Vasil'jevič,d1856-19194aut
245 10 aApokalypsa naší doby /cVasilij Rozanov ; [z ruských orig. přel. Karel Štindl]
250    aVyd. 1
260    aPraha :bTORST,c1997
300    a187 s.
700 1  7kl_us_auth*p0002952aŠtindl, Karel4trl
910    aKLG001
928 9  7kl_us_auth*b000436qTORSTaTorst
962    a929Rozanov,V.V.:882
964    aRozanov, Vasilij Vasiljevič(1856-1919, spisovatel, kritik a filozof rus.) - dílo
969    a000436b003364
970    bOL
999    a2bKLG001cKLG001da_spanova-19970502#ku_recman-20031008#sys-20050426
###
# @id KlUsCat c201024
000    01082nam-a2200289-a-4500
003    CZ-KlSVK
005    20140908095116.6
007    ta
008    970506s1996----xr-a---e------000-0-cze--
020    a80-7180-181-X :c169.00
040    aKLG001bcze
041 1  aczeheng
080    a940.532undef
080    a623.72undef
100 1  7kl_us_auth*p0002240aGunston, Bill,d1927-4aut
245 10 aSpojenecké stíhačky druhé světové války /cBill Gunston ; [z angl. vyd. přel. Jiří Chodil ; tab. vybr., sest. a uspoř. Jaroslav Šajtar]
250    aČeské vyd. 1.
260    aPraha :bSvojtka a Vašut,c1996
300    a159 s. :bbarev. il.
490 1  aIlustrovaný průvodce
830  0 7kl_us_auth*u0000283aIlustrovaný průvodce
910    aKLG001
928 9  7kl_us_auth*b000422aSvojtka a Vašut
962    a623.746.3:940.53
964    aválka světová 2. - letadla stíhací spojenecká - typy - popisy technické a vyobrazení
964    aletadla stíhací spojenecká - válka světová 2. - typy - popisy technické a vyobrazení
969    a000422b002840
970    bOL
999    a3bKLG001cKLG001da_spanova-19970506#ku_kolisek-19990623#sys-20050426#volfova-20140908-30846309
###
# @id KlUsCat c001533
000    00643nam-a2200205-a-4500
003    CZ-KlSVK
005    20050426160214.5
007    ta
008    970811s1990----xr-a-----||||-0-0-|-cze--
040    aKLG001bcze
100 1  7kl_us_auth*p0018327aKudělka, Viktor,d1929-4aut
245 10 aMarie Tomášová /cViktor Kudělka
250    a1. vyd.
260    aPraha :bČs. filmový ústav,c1990
300    a31 s. :bil.
910    aKLG001
962    a929Tomášová,M.:791.44.071.2(437.1)
964    aTomášová, Marie (1930-   , herečka česká) - role filmové
970    bOL
999    a2bKLG001cKLG001dku_jvolfova-20010322#ku_folprech-20030215#sys-20050426
###
# @id KlUsCat c011415
000    00690nam-a2200217-a-4500
003    CZ-KlSVK
005    20050426160214.7
007    ta
008    970812s1961----xo-------||||-0-0-|-slo--
040    aKLG001bcze
245 00 aOhne partizánskej družby :bspomienky sovietskych a slovenskych partizánov z Bieloruska
250    a1. vyd.
260    aBratislava :bOsveta,c1961
300    a449 s.
490 0  aOdkazy
910    aKLG001
928 9  7kl_us_auth*b000575qOsvetaaVydavateĺstvo Osveta
962    a74"1939-1945"(437.6)
964    aválka druhá světová - partyzánská družba - vzpomínky
970    bOL
999    a4bKLG001cKLG001dku_sokolova-19990129#ku_sokolova-19990129#sys-20050426
###
# @id KlUsCat c007256
000    00614nam-a2200193-a-4500
003    CZ-KlSVK
005    20050426160214.8
007    ta
008    960522s1996----xr-------||||-0-0-|-cze--
020    a80-85928-17-5 :c129.00
040    aKLG001bcze
100 1  7kl_us_auth*p0025879aMcClure, Ken,d1942-4aut
245 10 aTrauma /cKen MacClure ; [z angl. orig. přel. Libuše Chocholová]
260    aPraha :bColumbus,c1996
300    a316 s.
910    aKLG001
928 9  7kl_us_auth*b003671qColumbusaColumbus spol.s r.o.
970    bBL
999    a2bKLG001cKLG001dku_kolisek-19980416#ku_kolisek-19990622#sys-20050426
###
# @id KlUsCat c078548
000    00573nam-a2200205-a-4500
003    CZ-KlSVK
005    20140905131936.1
007    ta
008    970817s1991----xr-------||||-0-0-|-cze--
020    a80-7116-031-8
040    aKLG001bcze
041 1  aczeheng
100 1  7kl_us_auth*p0035814aBoeters, Benjamin J.,d1915-20034aut
245 10 aBleskový Clay /cBen Boeters
250    a2. vyd.
260    aPraha :bArt-Servis,c1991
300    a79 s.
490 1  aKnihovnička rodokapsu ;vsv. 1
830  0 7kl_us_auth*0327219aRodokaps
910    aKLG001
970    bBL
999    a7bKLG001cKLG001dku_chamova-20020403#ku_chamova-20020403#sys-20050426-3403143#novakova-20091102-15703731#koliskova-20140905-30831360
###
# @id KlUsCat c237343
000    00670nam-a2200217-a-4500
003    CZ-KlSVK
005    20140722130812.9
007    ta
008    000202s1994----xxk----e-||||-|||-||eng--
020    a0-14-062259-4 :c60.00 Kč
040    aKLG001bcze
100 1  7kl_us_auth*p0000381aChesterton, G. K.q(Gilbert Keith),d1874-19364aut
245 10 aFather Brown stories /cG.K. Chesterton
260    aLondon :bPenguin Books,c1994
300    a238 s.
490 1  aPenguin popular classics
830  0 7kl_us_auth*u0000229aPenguin popular classics
910    aKLG001
928 9  7kl_us_auth*b001748aPenguin Books
969    fN
970    bBL
999    a8bKLG001cKLG001da_spanova-20000202#ku_kolisek-20000203#sys-20131209#novakova-20131209-28235217#novakova-20131216-28298252#sys-20140722
###
# @id KlUsCat c121322
000    00659nam-a2200217-a-4500
003    CZ-KlSVK
005    20110805083116.2
007    ta
008    970609s1981----xr-------||||-0-0-|-slo--
040    aKLG001bcze
100 1  7kl_us_auth*p0061241aUtčenko, Sergej4aut
245 10 aIulius Caesar /cHlav. aut. Sergej Utčenko
250    a1. vyd.
260    aBratislava :bObzor,c1981
300    a333 s
910    aKLG001
928 9  7kl_us_auth*b000573aVydavateĺstvo ObzorqObzor
962    a929 Caesar, G.J.:937
964    aCaesar, Gaius Julius (100-44 př. n. l. vojevůdce řím.) - život a dílo
970    bOL
999    a4bKLG001cKLG001dsys-20050426-3539969#sys-20110805-20823704
###
# @id KlUsCat c028403
000    00707nam-a2200205-a-4500
003    CZ-KlSVK
005    20110805105951.3
007    ta
008    950918s1995----xr-------||||-0-0-|-cze--
020    a80-7050-208-8 :c350.00+100.00disketa
040    aKLG001bcze
245 00 aZvukové dokumenty :bpříručka pro zpracovatele modulární automatizovaný knihovnický systém
260    aPraha :bNárodní knihovna,c1995
300    a149 s +eZvukové dokumenty : specifikace údajů, 213 s. + 1 disketa
500    aEP
910    aKLG001
962    a025.3/.4:681.84
964    aDokumenty zvukové - záznamy katalogizační - zpracování počítačové - systém MAKS
970    bOL
999    a5bKLG001cKLG001dsys-20050426-3498362#sys-20110805-20823705
###
